
@inproceedings{chen:dsn:2002,
  title="{Pinpoint: Problem Determination in Large, Dynamic Internet Services}",
  author={Chen, Mike Y and others},
  booktitle={DSN'02}
}
  

@misc{azure,
  title = "{Microsoft Azure}",
  note = "\url{http://azure.microsoft.com/en-us/}"
}

@misc{ec2,
  title = "{Amazon EC2}",
  note = "\url{http://aws.amazon.com/ec2/}"
}

@misc{os,
  title = "{OpenStack}",
  note = "\url{https://www.openstack.org/}"
}

@misc{aws:1,
  title = "{Amazon EC2 Service Disruption}",
  note = "\url{http://aws.amazon.com/message/65648/}"
}

@misc{aws:2,
  title = "{Amazon Web Services suffers outage}",
  note = "\url{
http://www.zdnet.com/article/amazon-web-services-suffers-outage-takes-down-vine-
instagram-others-with-it/}"
}

@misc{azure:1,
  title = "{Windows Azure Hits Third Outage in a Year}",
  note =
"\url{http://windowsitpro.com/windows-azure/windows-azure-hits-third-outage-year
}"
}

@misc{azure:2,
  title = "{Summary of Windows Azure Service Disruption}",
  note = "\url{
azure.microsoft.com/blog/2012/03/09/summary-of-windows-azure-service-disruption-
on-feb-29th-2012/}"
}

@misc{azure:3,
  title = "{Microsoft's December Azure outage: What went wrong?}",
  note = "\url{
http://www.zdnet.com/article/microsofts-december-azure-outage-what-went-wrong/}"
}

@misc{azure:4,
  title = "{Microsoft Azure had more downtime in 2014 than main cloud rivals}",
  note = "\url{
http://www.computerweekly.com/news/2240238379/Microsoft-Azure-had-more-downtime-
than-main-cloud-rivals}"
}

@article{massie:ganglia:2004,
  title= "{The Ganglia Distributed Monitoring System: Design, Implementation,
and Experience}",
  author={Massie, Matthew L and others},
  journal={Parallel Computing},
  volume={30},
  number={7},
  pages={817--840},
  year={2004},
  publisher={Elsevier}
}
